% LTeX: enabled=false
@inproceedings{scheible2020gottbert,
    title = "{G}ott{BERT}: a pure {G}erman Language Model",
    author = "Scheible, Raphael  and
      Frei, Johann  and
      Thomczyk, Fabian  and
      He, Henry  and
      Tippmann, Patric  and
      Knaus, Jochen  and
      Jaravine, Victor  and
      Kramer, Frank  and
      Boeker, Martin",
    booktitle = "Proceedings of the 2024 Conference on Empirical Methods in Natural Language Processing",
    month = nov,
    year = "2024",
    address = "Miami, Florida, USA",
    publisher = "Association for Computational Linguistics",
    pages = "21237--21250",
}

@article{bressem2024medbert,
  title={Medbert. de: A comprehensive german bert model for the medical domain},
  author={Bressem, Keno K and Papaioannou, Jens-Michalis and Grundmann, Paul and Borchert, Florian and Adams, Lisa C and Liu, Leonhard and Busch, Felix and Xu, Lina and Loyen, Jan P and Niehues, Stefan M and others},
  journal={Expert Systems with Applications},
  volume={237},
  pages={121598},
  year={2024},
  publisher={Elsevier}
}

@article{muller2017livivo,
  title={Livivo--the vertical search engine for life sciences},
  author={M{\"u}ller, Bernd and Poley, Christoph and P{\"o}ssel, Jana and Hagelstein, Alexandra and G{\"u}bitz, Thomas},
  journal={Datenbank-Spektrum},
  volume={17},
  pages={29--34},
  year={2017},
  publisher={Springer}
}

@article{kittner2021bronco150,
  title={Annotation and initial evaluation of a large annotated German oncological corpus},
  author={Kittner, Madeleine and Lamping, Mario and Rieke, Damian T and G{\"o}tze, Julian and Bajwa, Bariya and Jelas, Ivan and R{\"u}ter, Gina and Hautow, Hanjo and S{\"a}nger, Mario and Habibi, Maryam and others},
  journal={JAMIA open},
  volume={4},
  number={2},
  pages={ooab025},
  year={2021},
  publisher={Oxford University Press}
}

@inproceedings{borchert2022ggponc,
  title={GGPONC 2.0-the German clinical guideline corpus for oncology: Curation workflow, annotation policy, baseline NER taggers},
  author={Borchert, Florian and Lohr, Christina and Modersohn, Luise and Witt, Jonas and Langer, Thomas and Follmann, Markus and Gietzelt, Matthias and Arnrich, Bert and Hahn, Udo and Schapranow, Matthieu-P},
  booktitle={Proceedings of the Thirteenth Language Resources and Evaluation Conference},
  pages={3650--3660},
  year={2022}
}

@article{kors2015mantragsc,
  title={A multilingual gold-standard corpus for biomedical concept recognition: the Mantra GSC},
  author={Kors, Jan A and Clematide, Simon and Akhondi, Saber A and Van Mulligen, Erik M and Rebholz-Schuhmann, Dietrich},
  journal={Journal of the American Medical Informatics Association},
  volume={22},
  number={5},
  pages={948--956},
  year={2015},
  publisher={Oxford University Press}
}

@article{frei2022gernermed,
  title={GERNERMED: An open German medical NER model},
  author={Frei, Johann and Kramer, Frank},
  journal={Software Impacts},
  volume={11},
  pages={100212},
  year={2022},
  publisher={Elsevier}
}

@article{frei2023gptnermed,
  title={Annotated dataset creation through large language models for non-english medical NLP},
  author={Frei, Johann and Kramer, Frank},
  journal={Journal of Biomedical Informatics},
  volume={145},
  pages={104478},
  year={2023},
  publisher={Elsevier}
}

@article{liu2019roberta,
  title={Roberta: A robustly optimized bert pretraining approach},
  author={Liu, Yinhan},
  journal={arXiv preprint arXiv:1907.11692},
  year={2019}
}

@inproceedings{devlin2019bert,
  title={BERT: Pre-training of Deep Bidirectional Transformers for Language Understanding},
  author={Devlin, Jacob and Chang, Ming-Wei and Lee, Kenton and Toutanova, Kristina},
  booktitle={Proceedings of the 2019 Conference of the North American Chapter of the Association for Computational Linguistics: Human Language Technologies, Volume 1 (Long and Short Papers)},
  pages={4171--4186},
  year={2019}
}

@inproceedings{ott2019fairseq,
  title={fairseq: A Fast, Extensible Toolkit for Sequence Modeling},
  author={Ott, Myle and Edunov, Sergey and Baevski, Alexei and Fan, Angela and Gross, Sam and Ng, Nathan and Grangier, David and Auli, Michael},
  booktitle={Proceedings of the 2019 Conference of the North American Chapter of the Association for Computational Linguistics (Demonstrations)},
  pages={48--53},
  year={2019}
}

@article{touvron2023llama1,
  title={Llama: Open and efficient foundation language models},
  author={Touvron, Hugo and Lavril, Thibaut and Izacard, Gautier and Martinet, Xavier and Lachaux, Marie-Anne and Lacroix, Timoth{\'e}e and Rozi{\`e}re, Baptiste and Goyal, Naman and Hambro, Eric and Azhar, Faisal and others},
  journal={arXiv preprint arXiv:2302.13971},
  year={2023}
}

@article{touvron2023llama2,
  title={Llama 2: Open foundation and fine-tuned chat models},
  author={Touvron, Hugo and Martin, Louis and Stone, Kevin and Albert, Peter and Almahairi, Amjad and Babaei, Yasmine and Bashlykov, Nikolay and Batra, Soumya and Bhargava, Prajjwal and Bhosale, Shruti and others},
  journal={arXiv preprint arXiv:2307.09288},
  year={2023}
}

@article{dubey2024llama3,
  title={The llama 3 herd of models},
  author={Dubey, Abhimanyu and Jauhri, Abhinav and Pandey, Abhinav and Kadian, Abhishek and Al-Dahle, Ahmad and Letman, Aiesha and Mathur, Akhil and Schelten, Alan and Yang, Amy and Fan, Angela and others},
  journal={arXiv preprint arXiv:2407.21783},
  year={2024}
}

@article{zowalla2020crawling,
  title={Crawling the german health web: Exploratory study and graph analysis},
  author={Zowalla, Richard and Wetter, Thomas and Pfeifer, Daniel},
  journal={Journal of medical Internet research},
  volume={22},
  number={7},
  pages={e17853},
  year={2020},
  publisher={JMIR Publications Toronto, Canada}
}

@inproceedings{peng2019transfer,
  title={Transfer Learning in Biomedical Natural Language Processing: An Evaluation of BERT and ELMo on Ten Benchmarking Datasets},
  author={Peng, Yifan and Yan, Shankai and Lu, Zhiyong},
  booktitle={Proceedings of the 18th BioNLP Workshop and Shared Task},
  pages={58--65},
  year={2019}
}

@inproceedings{beltagy2019scibert,
  title={SciBERT: A Pretrained Language Model for Scientific Text},
  author={Beltagy, Iz and Lo, Kyle and Cohan, Arman},
  booktitle={Proceedings of the 2019 Conference on Empirical Methods in Natural Language Processing and the 9th International Joint Conference on Natural Language Processing (EMNLP-IJCNLP)},
  pages={3615--3620},
  year={2019}
}

@article{huang2019clinicalbert,
  title={Clinicalbert: Modeling clinical notes and predicting hospital readmission},
  author={Huang, Kexin and Altosaar, Jaan and Ranganath, Rajesh},
  journal={arXiv preprint arXiv:1904.05342},
  year={2019}
}

@inproceedings{martin2020camembert,
	address = {Online},
	title = {{CamemBERT}: a {Tasty} {French} {Language} {Model}},
	url = {https://www.aclweb.org/anthology/2020.acl-main.645},
	booktitle = {Proceedings of the 58th {Annual} {Meeting} of the {Association} for {Computational} {Linguistics}},
	publisher = {Association for Computational Linguistics},
	author = {Martin, Louis and Muller, Benjamin and Ortiz Suárez, Pedro Javier and Dupont, Yoann and Romary, Laurent and de la Clergerie, Éric and Seddah, Djamé and Sagot, Benoît},
	month = jul,
	year = {2020},
	pages = {7203--7219}
}

@inproceedings{chan2020german,
  title={German's Next Language Model},
  author={Chan, Branden and Schweter, Stefan and M{\"o}ller, Timo},
  booktitle={Proceedings of the 28th International Conference on Computational Linguistics},
  pages={6788--6796},
  year={2020}
}

@article{lentzen2022critical,
  title={Critical assessment of transformer-based AI models for German clinical notes},
  author={Lentzen, Manuel and Madan, Sumit and Lage-Rupprecht, Vanessa and K{\"u}hnel, Lisa and Fluck, Juliane and Jacobs, Marc and Mittermaier, Mirja and Witzenrath, Martin and Brunecker, Peter and Hofmann-Apitius, Martin and others},
  journal={JAMIA open},
  volume={5},
  number={4},
  pages={ooac087},
  year={2022},
  publisher={Oxford University Press}
}

@article{arefeva2022tourbert,
  title={When BERT Started Traveling: TourBERT—A Natural Language Processing Model for the Travel Industry},
  author={Arefeva, Veronika and Egger, Roman},
  journal={Digital},
  volume={2},
  number={4},
  pages={546--559},
  year={2022},
  publisher={MDPI}
}

@article{lee2020biobert,
  title={BioBERT: a pre-trained biomedical language representation model for biomedical text mining},
  author={Lee, Jinhyuk and Yoon, Wonjin and Kim, Sungdong and Kim, Donghyeon and Kim, Sunkyu and So, Chan Ho and Kang, Jaewoo},
  journal={Bioinformatics},
  volume={36},
  number={4},
  pages={1234--1240},
  year={2020},
  publisher={Oxford University Press}
}

@inproceedings{ng2019facebook,
  title={Facebook FAIR's WMT19 News Translation Task Submission},
  author={Ng, Nathan and Yee, Kyra and Baevski, Alexei and Ott, Myle and Auli, Michael and Edunov, Sergey},
  booktitle={Proceedings of the Fourth Conference on Machine Translation (Volume 2: Shared Task Papers, Day 1)},
  year={2019},
  organization={Association for Computational Linguistics}
}

@inproceedings{edunov2018understanding,
  title={Understanding Back-Translation at Scale},
  author={Edunov, Sergey and Ott, Myle and Auli, Michael and Grangier, David},
  booktitle={Proceedings of the 2018 Conference on Empirical Methods in Natural Language Processing},
  pages={489--500},
  year={2018}
}

@article{johnson2023mimic,
  title={MIMIC-IV, a freely accessible electronic health record dataset},
  author={Johnson, Alistair EW and Bulgarelli, Lucas and Shen, Lu and Gayles, Alvin and Shammout, Ayad and Horng, Steven and Pollard, Tom J and Hao, Sicheng and Moody, Benjamin and Gow, Brian and others},
  journal={Scientific data},
  volume={10},
  number={1},
  pages={1},
  year={2023},
  publisher={Nature Publishing Group UK London}
}

@misc{johnson2023mimicnote,
  doi = {10.13026/7QGP-KC16},
  url = {https://physionet.org/content/mimic-iv-note/},
  author = {Johnson, Alistair and Pollard, Tom and Horng, Steven and Celi, Leo Anthony and Mark, Roger},
  title = {MIMIC-IV-Note: Deidentified free-text clinical notes},
  publisher = {PhysioNet},
  year = {2023}
}

@article{goldberger2000physiobank,
  title={PhysioBank, PhysioToolkit, and PhysioNet: components of a new research resource for complex physiologic signals},
  author={Goldberger, Ary L and Amaral, Luis AN and Glass, Leon and Hausdorff, Jeffrey M and Ivanov, Plamen Ch and Mark, Roger G and Mietus, Joseph E and Moody, George B and Peng, Chung-Kang and Stanley, H Eugene},
  journal={circulation},
  volume={101},
  number={23},
  pages={e215--e220},
  year={2000},
  publisher={Am Heart Assoc}
}

@article{toraman2023impact,
  title={Impact of tokenization on language models: An analysis for turkish},
  author={Toraman, Cagri and Yilmaz, Eyup Halit and {\c{S}}ahinu{\c{c}}, Furkan and Ozcelik, Oguzhan},
  journal={ACM Transactions on Asian and Low-Resource Language Information Processing},
  volume={22},
  number={4},
  pages={1--21},
  year={2023},
  publisher={ACM New York, NY}
}

@book{eisenstein2019intro2nlp,
  title={Introduction to natural language processing},
  author={Eisenstein, J},
  year={2019},
  publisher={The MIT Press}
}

@book{hapke2019natural,
  title={Natural Language Processing in Action: Understanding, analyzing, and generating text with Python},
  author={Hapke, Hannes and Howard, Cole and Lane, Hobson},
  year={2019},
  publisher={Simon and Schuster}
}

@article{min2023recent,
  title={Recent advances in natural language processing via large pre-trained language models: A survey},
  author={Min, Bonan and Ross, Hayley and Sulem, Elior and Veyseh, Amir Pouran Ben and Nguyen, Thien Huu and Sainz, Oscar and Agirre, Eneko and Heintz, Ilana and Roth, Dan},
  journal={ACM Computing Surveys},
  volume={56},
  number={2},
  pages={1--40},
  year={2023},
  publisher={ACM New York, NY}
}

@article{otter2020survey,
  title={A survey of the usages of deep learning for natural language processing},
  author={Otter, Daniel W and Medina, Julian R and Kalita, Jugal K},
  journal={IEEE transactions on neural networks and learning systems},
  volume={32},
  number={2},
  pages={604--624},
  year={2020},
  publisher={IEEE}
}

@article{mielke2021between,
  title={Between words and characters: A brief history of open-vocabulary modeling and tokenization in NLP},
  author={Mielke, Sabrina J and Alyafeai, Zaid and Salesky, Elizabeth and Raffel, Colin and Dey, Manan and Gall{\'e}, Matthias and Raja, Arun and Si, Chenglei and Lee, Wilson Y and Sagot, Beno{\^\i}t and others},
  journal={arXiv preprint arXiv:2112.10508},
  year={2021}
}

@misc{harris1954distributional,
  title={Distributional structure},
  author={Harris, ZS},
  year={1954},
  publisher={Word}
}

@inproceedings{mikolov2013distributed,
 author = {Mikolov, Tomas and Sutskever, Ilya and Chen, Kai and Corrado, Greg S and Dean, Jeff},
 booktitle = {Advances in Neural Information Processing Systems},
 pages = {},
 publisher = {Curran Associates, Inc.},
 title = {Distributed Representations of Words and Phrases and their Compositionality},
 volume = {26},
 year = {2013}
}

 @unpublished{honnibal2017spacy,
    AUTHOR = {Honnibal, Matthew and Montani, Ines},
    TITLE  = {{spaCy 2}: Natural language understanding with {B}loom embeddings, convolutional neural networks and incremental parsing},
    YEAR   = {2017},
    Note   = {To appear}
} 

@inproceedings{koehn2007moses,
  title={Moses: Open source toolkit for statistical machine translation},
  author={Koehn, Philipp and Hoang, Hieu and Birch, Alexandra and Callison-Burch, Chris and Federico, Marcello and Bertoldi, Nicola and Cowan, Brooke and Shen, Wade and Moran, Christine and Zens, Richard and others},
  booktitle={Proceedings of the 45th annual meeting of the association for computational linguistics companion volume proceedings of the demo and poster sessions},
  pages={177--180},
  year={2007},
  organization={Association for Computational Linguistics}
}

@article{marcus1993building,
  title={Building a large annotated corpus of English: The Penn Treebank},
  author={Marcus, Mitch and Santorini, Beatrice and Marcinkiewicz, Mary Ann},
  journal={Computational linguistics},
  volume={19},
  number={2},
  pages={313--330},
  year={1993}
}

@inproceedings{sennrich2016neural,
  title={Neural Machine Translation of Rare Words with Subword Units},
  author={Sennrich, Rico and Haddow, Barry and Birch, Alexandra},
  booktitle={Proceedings of the 54th Annual Meeting of the Association for Computational Linguistics},
  pages={1715--1725},
  year={2016}
}

@inproceedings{kudo2018subword,
  title={Subword Regularization: Improving Neural Network Translation Models with Multiple Subword Candidates},
  author={Kudo, Taku},
  booktitle={Proceedings of the 56th Annual Meeting of the Association for Computational Linguistics (Volume 1: Long Papers)},
  pages={66--75},
  year={2018}
}

@inproceedings{kudo2018sentencepiece,
  title={SentencePiece: A simple and language independent subword tokenizer and detokenizer for Neural Text Processing},
  author={Kudo, Taku and Richardson, John},
  booktitle={Proceedings of the 2018 Conference on Empirical Methods in Natural Language Processing: System Demonstrations},
  pages={66--71},
  year={2018}
}

@inproceedings{schuster2012japanese,
  title={Japanese and Korean voice search},
  author={Schuster, Mike and Nakajima, Kaisuke},
  booktitle={2012 IEEE international conference on acoustics, speech and signal processing (ICASSP)},
  pages={5149--5152},
  year={2012},
  organization={IEEE}
}

@article{luhn1957statistical,
  title={A statistical approach to mechanized encoding and searching of literary information},
  author={Luhn, Hans Peter},
  journal={IBM Journal of research and development},
  volume={1},
  number={4},
  pages={309--317},
  year={1957},
  publisher={IBM}
}

@article{sparck1972statistical,
  title={A statistical interpretation of term specificity and its application in retrieval},
  author={Sparck Jones, Karen},
  journal={Journal of documentation},
  volume={28},
  number={1},
  pages={11--21},
  year={1972},
  publisher={MCB UP Ltd}
}

@online{springernature,
	title = {Springer Nature Developer Portal {\textbar} {APIs} for Research Papers},
	url = {https://dev.springernature.com/},
	abstract = {Access 14 million online documents with our multiple {APIs} for developers. Variety of different output formats, including {XML} and {JSON}. Sign up today!},
	titleaddon = {Springer Nature Developer Portal {\textbar} {APIs} for Research Papers},
	urldate = {2024-11-10},
	langid = {english},
}

@online{wikipediaexport,
	title = {Seiten exportieren - Wikipedia},
	url = {https://de.wikipedia.org/wiki/Spezial:Exportieren},
	urldate = {2024-11-12},
	langid = {german},
}

@online{pmcoa,
  title        = {PMC Open Access Subset},
  year         = {2003},
  url          = {https://pmc.ncbi.nlm.nih.gov/tools/openftlist/},
  note         = {National Library of Medicine},
  urldate      = {2025-01-12},
}

@article{gojare2015analysis,
  title={Analysis and design of selenium webdriver automation testing framework},
  author={Gojare, Satish and Joshi, Rahul and Gaigaware, Dhanashree},
  journal={Procedia Computer Science},
  volume={50},
  pages={341--346},
  year={2015},
  publisher={Elsevier}
}

@online{refubium,
	title = {Refubium - Home},
	url = {https://refubium.fu-berlin.de/},
	urldate = {2024-11-10},
}

@inproceedings{mckinney2010data,
  title={Data structures for statistical computing in python},
  author={McKinney, Wes and others},
  booktitle={Proceedings of the 9th Python in Science Conference},
  volume={445},
  pages={51--56},
  year={2010},
  organization={Austin, TX}
} 

@article{smith2006peer,
  title={Peer review: a flawed process at the heart of science and journals},
  author={Smith, Richard},
  journal={Journal of the royal society of medicine},
  volume={99},
  number={4},
  pages={178--182},
  year={2006},
  publisher={SAGE Publications Sage UK: London, England}
}

@article{radford2019gpt2,
  title={Language models are unsupervised multitask learners},
  author={Radford, Alec and Wu, Jeffrey and Child, Rewon and Luan, David and Amodei, Dario and Sutskever, Ilya and others},
  journal={OpenAI blog},
  volume={1},
  number={8},
  pages={9},
  year={2019}
}

@article{achiam2023gpt,
  title={Gpt-4 technical report},
  author={Achiam, Josh and Adler, Steven and Agarwal, Sandhini and Ahmad, Lama and Akkaya, Ilge and Aleman, Florencia Leoni and Almeida, Diogo and Altenschmidt, Janko and Altman, Sam and Anadkat, Shyamal and others},
  journal={arXiv preprint arXiv:2303.08774},
  year={2023}
}

@misc{openai2023chatgpt,
  title        = {ChatGPT},
  author       = {OpenAI},
  year         = 2023,
  howpublished = {\url{https://chat.openai.com}},
  note         = {Accessed: 2025-01-06}
}

@inproceedings{vaswani2017attention,
author = {Vaswani, Ashish and Shazeer, Noam and Parmar, Niki and Uszkoreit, Jakob and Jones, Llion and Gomez, Aidan N. and Kaiser, \L{}ukasz and Polosukhin, Illia},
title = {Attention is all you need},
year = {2017},
publisher = {Curran Associates Inc.},
address = {Red Hook, NY, USA},
booktitle = {Proceedings of the 31st International Conference on Neural Information Processing Systems},
pages = {6000–6010},
numpages = {11},
location = {Long Beach, California, USA},
series = {NIPS'17}
}

@inproceedings{wolf2020transformers,
  title={Transformers: State-of-the-art natural language processing},
  author={Wolf, Thomas and Debut, Lysandre and Sanh, Victor and Chaumond, Julien and Delangue, Clement and Moi, Anthony and Cistac, Pierric and Rault, Tim and Louf, R{\'e}mi and Funtowicz, Morgan and others},
  booktitle={Proceedings of the 2020 conference on empirical methods in natural language processing: system demonstrations},
  pages={38--45},
  year={2020}
}

@inproceedings{lhoest2021datasets,
  title={Datasets: A Community Library for Natural Language Processing},
  author={Lhoest, Quentin and del Moral, Albert Villanova and Jernite, Yacine and Thakur, Abhishek and von Platen, Patrick and Patil, Suraj and Chaumond, Julien and Drame, Mariama and Plu, Julien and Tunstall, Lewis and others},
  booktitle={Proceedings of the 2021 Conference on Empirical Methods in Natural Language Processing: System Demonstrations},
  pages={175--184},
  year={2021}
}

@article{brown1992class,
  title={Class-based n-gram models of natural language},
  author={Brown, Peter F and Della Pietra, Vincent J and Desouza, Peter V and Lai, Jennifer C and Mercer, Robert L},
  journal={Computational linguistics},
  volume={18},
  number={4},
  pages={467--480},
  year={1992}
}

@article{hochreiter1997long,
  author={Hochreiter, Sepp and Schmidhuber, Jürgen},
  journal={Neural Computation}, 
  title={Long Short-Term Memory}, 
  year={1997},
  volume={9},
  number={8},
  pages={1735-1780},
}

@inproceedings{dai2015semi,
	title = {Semi-supervised Sequence Learning},
	volume = {28},
	booktitle = {Advances in Neural Information Processing Systems},
	publisher = {Curran Associates, Inc.},
	author = {Dai, Andrew M and Le, Quoc V},
	date = {2015},
}

@inproceedings{bahdanau2015neural,
  title={Neural machine translation by jointly learning to align and translate},
  author={Bahdanau, Dzmitry and Cho, Kyung Hyun and Bengio, Yoshua},
  booktitle={3rd International Conference on Learning Representations, {ICLR} 2015, San Diego, CA, USA, May 7-9, 2015, Conference Track Proceedings},
  year={2015}
}

@inproceedings{pascanu2013difficulty,
author = {Pascanu, Razvan and Mikolov, Tomas and Bengio, Yoshua},
title = {On the difficulty of training recurrent neural networks},
year = {2013},
publisher = {JMLR.org},
booktitle = {Proceedings of the 30th International Conference on International Conference on Machine Learning - Volume 28},
pages = {III–1310–III–1318},
location = {Atlanta, GA, USA},
series = {ICML'13}
}

@article{raffel2020exploring,
  title={Exploring the limits of transfer learning with a unified text-to-text transformer},
  author={Raffel, Colin and Shazeer, Noam and Roberts, Adam and Lee, Katherine and Narang, Sharan and Matena, Michael and Zhou, Yanqi and Li, Wei and Liu, Peter J},
  journal={Journal of machine learning research},
  volume={21},
  number={140},
  pages={1--67},
  year={2020}
}

@inproceedings{toshniwal2018comparison,
  title={A comparison of techniques for language model integration in encoder-decoder speech recognition},
  author={Toshniwal, Shubham and Kannan, Anjuli and Chiu, Chung-Cheng and Wu, Yonghui and Sainath, Tara N and Livescu, Karen},
  booktitle={2018 IEEE spoken language technology workshop (SLT)},
  pages={369--375},
  year={2018},
  organization={IEEE}
}

@inproceedings{dosovitskiy2021image,
  title={An Image is Worth 16 $\times$ 16 Words: Transformers for Image Recognition at Scale},
  author={Dosovitskiy, Alexey and Beyer, Lucas and Kolesnikov, Alexander and Weissenborn, Dirk and Zhai, Xiaohua},
  booktitle={9th International Conference on Learning Representations, {ICLR} 2021},
  year={2021}
}

@inproceedings{yuan2023revisiting,
  title={Revisiting out-of-distribution robustness in NLP: benchmark, analysis, and LLMs evaluations},
  author={Yuan, Lifan and Chen, Yangyi and Cui, Ganqu and Gao, Hongcheng and Zou, Fangyuan and Cheng, Xingyi and Ji, Heng and Liu, Zhiyuan and Sun, Maosong},
  booktitle={Proceedings of the 37th International Conference on Neural Information Processing Systems},
  pages={58478--58507},
  year={2023}
}

@article{sanh2019distilbert,
  title={DistilBERT, a distilled version of BERT: smaller, faster, cheaper and lighter},
  author={Sanh, Victor and Debut, Lysandre and Chaumond, Julien and Wolf, Thomas},
  journal={arXiv preprint arXiv:1910.01108},
  year={2019}
}

@inproceedings{clark2020electra,
  title = {{ELECTRA}: Pre-training Text Encoders as Discriminators Rather Than Generators},
  author = {Kevin Clark and Minh-Thang Luong and Quoc V. Le and Christopher D. Manning},
  booktitle = {ICLR},
  year = {2020}
}

@inproceedings{wu2020scalable,
  title={Scalable Zero-shot Entity Linking with Dense Entity Retrieval},
  author={Wu, Ledell and Petroni, Fabio and Josifoski, Martin and Riedel, Sebastian and Zettlemoyer, Luke},
  booktitle={Proceedings of the 2020 Conference on Empirical Methods in Natural Language Processing (EMNLP)},
  pages={6397--6407},
  year={2020}
}

@inproceedings{zhang2022knowledge,
  title={Knowledge-Rich Self-Supervision for Biomedical Entity Linking},
  author={Zhang, Sheng and Cheng, Hao and Vashishth, Shikhar and Wong, Cliff and Xiao, Jinfeng and Liu, Xiaodong and Naumann, Tristan and Gao, Jianfeng and Poon, Hoifung},
  booktitle={Findings of the Association for Computational Linguistics: EMNLP 2022},
  pages={868--880},
  year={2022}
}

@article{radford2018improving,
  title={Improving language understanding by generative pre-training},
  author={Radford, Alec},
  year={2018}
}

@article{hou2024large,
  title={Large language models for software engineering: A systematic literature review},
  author={Hou, Xinyi and Zhao, Yanjie and Liu, Yue and Yang, Zhou and Wang, Kailong and Li, Li and Luo, Xiapu and Lo, David and Grundy, John and Wang, Haoyu},
  journal={ACM Transactions on Software Engineering and Methodology},
  volume={33},
  number={8},
  pages={1--79},
  year={2024},
  publisher={ACM New York, NY}
}

@article{brown2020language,
  title={Language models are few-shot learners},
  author={Brown, Tom and Mann, Benjamin and Ryder, Nick and Subbiah, Melanie and Kaplan, Jared D and Dhariwal, Prafulla and Neelakantan, Arvind and Shyam, Pranav and Sastry, Girish and Askell, Amanda and others},
  journal={Advances in neural information processing systems},
  volume={33},
  pages={1877--1901},
  year={2020}
}

@article{rohan2023gemini,
  title={Gemini: a family of highly capable multimodal models},
  author={Anil, Rohan and Borgeaud, Sebastian and Alayrac, Jean-Baptiste and Yu, Jiahui and Soricut, Radu and Schalkwyk, Johan and Dai, Andrew M and Hauth, Anja and Millican, Katie and others},
  journal={arXiv preprint arXiv:2312.11805},
  year={2023}
}

@article{georgiev2024gemini,
  title={Gemini 1.5: Unlocking multimodal understanding across millions of tokens of context},
  author={Georgiev, Petko and Lei, Ving Ian and Burnell, Ryan and Bai, Libin and Gulati, Anmol and Tanzer, Garrett and Vincent, Damien and Pan, Zhufeng and Wang, Shibo and others},
  journal={arXiv preprint arXiv:2403.05530},
  year={2024}
}

@Book{jurafsky2025slp,
  author={Daniel Jurafsky and James H. Martin},
  title={Speech and Language Processing: An Introduction to Natural Language Processing, Computational Linguistics, and Speech Recognition with Language Models},
  year ={2025},
  url={https://web.stanford.edu/~jurafsky/slp3/},
  note ={Online manuscript released January 12, 2025},
  edition={3rd}
}

@article{nandakumar2023can,
  title={Why can neural language models solve next-word prediction? A mathematical perspective},
  author={Nandakumar, Vinoth and Mi, Peng and Liu, Tongliang},
  journal={arXiv preprint arXiv:2306.17184},
  year={2023}
}

@article{achakulvisut2020,
  doi = {10.21105/joss.01979},
  url = {https://doi.org/10.21105/joss.01979},
  year = {2020},
  publisher = {The Open Journal},
  volume = {5},
  number = {46},
  pages = {1979},
  author = {Titipat Achakulvisut and Daniel Acuna and Konrad Kording},
  title = {Pubmed Parser: A Python Parser for PubMed Open-Access XML Subset and MEDLINE XML Dataset XML Dataset},
  journal = {Journal of Open Source Software}
}

@inproceedings{durrani2021transfer,
  title={How transfer learning impacts linguistic knowledge in deep NLP models?},
  author={Durrani, Nadir and Sajjad, Hassan and Dalvi, Fahim},
  booktitle={Findings of the Association for Computational Linguistics: ACL-IJCNLP 2021},
  pages={4947--4957},
  year={2021}
}

@article{khare2004nutch,
  title={Nutch: A flexible and scalable open-source web search engine},
  author={Khare, Rohit and Cutting, Doug and Sitaker, Kragen and Rifkin, Adam},
  journal={Oregon State University},
  volume={1},
  pages={32--32},
  year={2004},
  publisher={Citeseer}
}

@article{specht2025evaluating,
  title={Evaluating the Acceptance and Usability of an Independent, Noncommercial Search Engine for Medical Information: Cross-Sectional Questionnaire Study and User Behavior Tracking Analysis},
  author={Specht, Lisa and Scheible, Raphael and Boeker, Martin and Farin-Glattacker, Erik and Kampel, Nikolas and Schm{\"o}lz, Marina and Sch{\"o}pf-Lazzarino, Andrea and Schulz, Stefan and Schlett, Christian and Thomczyk, Fabian and others},
  journal={JMIR Human Factors},
  volume={12},
  year={2025},
  publisher={Elsevier}
}

@online{10kGNAD,
	title={10kGNAD},
  author={tblock},
	url={https://tblock.github.io/10kGNAD/},
	urldate={2025-02-05},
}

@online{clean-text,
	title={clean-text},
  author={jfilrer},
	url={https://github.com/jfilter/clean-text},
	urldate={2025-02-05},
}

@inproceedings{schabus2017one,
  title={One million posts: A data set of german online discussions},
  author={Schabus, Dietmar and Skowron, Marcin and Trapp, Martin},
  booktitle={Proceedings of the 40th international ACM SIGIR conference on research and development in information retrieval},
  pages={1241--1244},
  year={2017}
}

@online{labelstudio,
  title={{Label Studio}: Data labeling software},
  url={https://github.com/heartexlabs/label-studio},
  urldate={2025-02-05},
  author={
    Maxim Tkachenko and
    Mikhail Malyuk and
    Andrey Holmanyuk and
    Nikolai Liubimov},
  date={2020/2022},
}

@article{white2020pubmed,
  title={PubMed 2.0},
  author={White, Jacob},
  journal={Medical reference services quarterly},
  volume={39},
  number={4},
  pages={382--387},
  year={2020},
  publisher={Taylor \& Francis}
}

@article{costa2022no,
  title={No language left behind: Scaling human-centered machine translation},
  author={Costa-juss{\`a}, Marta R and Cross, James and {\c{C}}elebi, Onur and Elbayad, Maha and Heafield, Kenneth and Heffernan, Kevin and Kalbassi, Elahe and Lam, Janice and Licht, Daniel and Maillard, Jean and others},
  journal={arXiv preprint arXiv:2207.04672},
  year={2022}
}

@online{nllbAPI,
  title={nllb-api},
  author={winstxnhdw},
  url={https://github.com/winstxnhdw/nllb-api},
  urldate={2025-02-15},
}

@inproceedings{deng2025crawler,
    booktitle = {Proceedings of MIE 2025},
    year = 2025,
    month = may,
    address = "Glasgow, Scotland",
    publisher = "IOPress",
    title = {Building a Scalable Health Information Crawler: Leveraging Apache Nutch for the tala-med Search Engine},
    language = {en},
    month=may,
    year={2025},
    journal = {Proceedings of MIE 2025},
    
    author = {Deng, Nanxing and Boeker, Martin and Scheible, Raphael},
}

@inproceedings{zhu2015aligning,
  title={Aligning books and movies: Towards story-like visual explanations by watching movies and reading books},
  author={Zhu, Yukun and Kiros, Ryan and Zemel, Rich and Salakhutdinov, Ruslan and Urtasun, Raquel and Torralba, Antonio and Fidler, Sanja},
  booktitle={Proceedings of the IEEE international conference on computer vision},
  pages={19--27},
  year={2015}
}

@online{nagel2016common,
  title={Common Crawl: News Crawl. 2016},
  author={Nagel, Sebastian},
  url={https://commoncrawl.org/2016/10/news-dataset-available/},
  urldate={2025-02-15},
}

@article{trinh2018simple,
  title={A simple method for commonsense reasoning},
  author={Trinh, Trieu H and Le, Quoc V},
  journal={arXiv preprint arXiv:1806.02847},
  year={2018}
}

@misc{gokaslan2019OpenWeb,  
	title={OpenWebText Corpus},
	author={Aaron Gokaslan and Vanya Cohen},
	howpublished={\url{http://Skylion007.github.io/OpenWebTextCorpus}}, 
	year={2019}
}

@inproceedings{keskar2017large,
  title={On large-batch training for deep learning: Generalization gap and sharp minima},
  author={Keskar, Nitish Shirish and Nocedal, Jorge and Tang, Ping Tak Peter and Mudigere, Dheevatsa and Smelyanskiy, Mikhail},
  booktitle={5th International Conference on Learning Representations, ICLR 2017},
  year={2017}
}

@inproceedings{ott2018scaling,
  title={Scaling Neural Machine Translation},
  author={Ott, Myle and Edunov, Sergey and Grangier, David and Auli, Michael},
  booktitle={Proceedings of the Third Conference on Machine Translation: Research Papers},
  pages={1--9},
  year={2018}
}

@article{dalianis2009stockholm,
  title={The Stockholm EPR Corpus-characteristics and some initial findings},
  author={Dalianis, Hercules and Hassel, Martin and Velupillai, Sumithra},
  journal={Proceedings of ISHIMR},
  pages={243--249},
  year={2009}
}

@article{wang2018clinical,
  title={Clinical information extraction applications: a literature review},
  author={Wang, Yanshan and Wang, Liwei and Rastegar-Mojarad, Majid and Moon, Sungrim and Shen, Feichen and Afzal, Naveed and Liu, Sijia and Zeng, Yuqun and Mehrabi, Saeed and Sohn, Sunghwan and others},
  journal={Journal of biomedical informatics},
  volume={77},
  pages={34--49},
  year={2018},
  publisher={Elsevier}
}

@article{sager1994natural,
  title={Natural language processing and the representation of clinical data},
  author={Sager, Naomi and Lyman, Margaret and Bucknall, Christine and Nhan, Ngo and Tick, Leo J},
  journal={Journal of the American Medical Informatics Association},
  volume={1},
  number={2},
  pages={142--160},
  year={1994},
  publisher={BMJ Group BMA House, Tavistock Square, London, WC1H 9JR}
}

@inproceedings{borst1991textinfo,
  title={TEXTINFO: a tool for automatic determination of patient clinical profiles using text analysis},
  author={Borst, Francois and Lyman, Margaret and Nhan, NT and Tick, LJ and Sager, N and Scherrer, JR},
  booktitle={Proceedings of the Annual Symposium on Computer Application in Medical Care},
  pages={63},
  year={1991}
}

@inproceedings{friedman1995architectural,
  title={Architectural requirements for a multipurpose natural language processor in the clinical environment},
  author={Friedman, Carol and Johnson, Stephen B and Forman, Bruce and Starren, Justin},
  booktitle={Proceedings of the Annual Symposium on Computer Application in Medical Care},
  pages={347},
  year={1995}
}

@article{zhou2022natural,
  title={Natural language processing for smart healthcare},
  author={Zhou, Binggui and Yang, Guanghua and Shi, Zheng and Ma, Shaodan},
  journal={IEEE Reviews in Biomedical Engineering},
  volume={17},
  pages={4--18},
  year={2022},
  publisher={IEEE}
}

@article{aronson2010overview,
  title={An overview of MetaMap: historical perspective and recent advances},
  author={Aronson, Alan R and Lang, Fran{\c{c}}ois-Michel},
  journal={Journal of the American Medical Informatics Association},
  volume={17},
  number={3},
  pages={229--236},
  year={2010},
  publisher={BMJ Group BMA House, Tavistock Square, London, WC1H 9JR}
}

@article{savova2010mayo,
  title={Mayo clinical Text Analysis and Knowledge Extraction System (cTAKES): architecture, component evaluation and applications},
  author={Savova, Guergana K and Masanz, James J and Ogren, Philip V and Zheng, Jiaping and Sohn, Sunghwan and Kipper-Schuler, Karin C and Chute, Christopher G},
  journal={Journal of the American Medical Informatics Association},
  volume={17},
  number={5},
  pages={507--513},
  year={2010},
  publisher={BMJ Group BMA House, Tavistock Square, London, WC1H 9JR}
}

@inproceedings{friedman2000broad,
  title={A broad-coverage natural language processing system},
  author={Friedman, Carol},
  booktitle={Proceedings of the AMIA Symposium},
  pages={270},
  year={2000}
}

@article{soysal2018clamp,
  title={CLAMP--a toolkit for efficiently building customized clinical natural language processing pipelines},
  author={Soysal, Ergin and Wang, Jingqi and Jiang, Min and Wu, Yonghui and Pakhomov, Serguei and Liu, Hongfang and Xu, Hua},
  journal={Journal of the American Medical Informatics Association},
  volume={25},
  number={3},
  pages={331--336},
  year={2018},
  publisher={Oxford University Press}
}

@article{uzuner20112010,
  title={2010 i2b2/VA challenge on concepts, assertions, and relations in clinical text},
  author={Uzuner, {\"O}zlem and South, Brett R and Shen, Shuying and DuVall, Scott L},
  journal={Journal of the American Medical Informatics Association},
  volume={18},
  number={5},
  pages={552--556},
  year={2011},
  publisher={BMJ Group BMA House, Tavistock Square, London, WC1H 9JR}
}

@article{stubbs2019cohort,
  title={Cohort selection for clinical trials: n2c2 2018 shared task track 1},
  author={Stubbs, Amber and Filannino, Michele and Soysal, Ergin and Henry, Samuel and Uzuner, {\"O}zlem},
  journal={Journal of the American Medical Informatics Association},
  volume={26},
  number={11},
  pages={1163--1171},
  year={2019},
  publisher={Oxford University Press}
}

@article{henry20202018,
  title={2018 n2c2 shared task on adverse drug events and medication extraction in electronic health records},
  author={Henry, Sam and Buchan, Kevin and Filannino, Michele and Stubbs, Amber and Uzuner, Ozlem},
  journal={Journal of the American Medical Informatics Association},
  volume={27},
  number={1},
  pages={3--12},
  year={2020},
  publisher={Oxford University Press}
}

@book{crestani2019experimental,
  title={Experimental IR Meets Multilinguality, Multimodality, and Interaction: 10th International Conference of the CLEF Association, CLEF 2019, Lugano, Switzerland, September 9--12, 2019, Proceedings},
  author={Crestani, Fabio and Braschler, Martin and Savoy, Jacques and Rauber, Andreas and M{\"u}ller, Henning and Losada, David E and B{\"u}rki, Gundula Heinatz and Cappellato, Linda and Ferro, Nicola},
  volume={11696},
  year={2019},
  publisher={Springer Nature}
}

@Misc{clef2019nts,
  author = 	{Neves, Mariana
		and Butzke, Daniel
		and D{\"o}rendahl, Antje
		and Leich, Nora
		and Grune, Barbara
		and Sch{\"o}nfelder, Gilbert},
  title = 	{Non-technical Summaries (NTS) of Animal Experiments Indexed with ICD-10 Codes (Version 1.0)},
  year = 	{2019},
  month = 	{1},
  day = 	{18},
  publisher = 	{Open Agrar Repository},
  keywords = 	{animal experiment; non-technical summaries; ICD-10 codes; text mining; document indexing; Deutschland},
  abstract = 	{Dataset containing 8,386 non-technical summaries (NTS) of animal experiments recently carried out in Germany (as of September 19, 2018) and originally on-line available at the AnimalTestInfo database (http://animaltestinfo.de).  Each NTS contains a title, uses (goals) of the experiments, possible harms caused to the animals, and comments about replacement, reduction and refinement (in the scope of the 3R principles).  All documents are in the German language. The dataset includes the ICD-10 codes manually assigned by experts to the NTS. However, some NTSs have no ICD-10 codes assigned to them, as the codes were not applicable to the uses described in the NTS. All codes are chapters or groups from the ICD-10 German Modification 2016 version (https://www.dimdi.de/static/de/klassifikationen/icd/icd-10-gm/kode-suche/htmlgm2016/). Finally, the dataset is split into training and development datasets which are meant to be used in the CLEF eHealth 2019, Task 1 - Multilingual Information Extraction (https://sites.google.com/view/clefehealth2019/task-1-multilingual-information-extraction-icd10-coding).},
  doi = 	{10.17590/20190118-134645-0},
  url = 	{https://www.openagrar.de/receive/openagrar_mods_00046540},
  url = 	{https://doi.org/10.17590/20190118-134645-0},
  file = 	{:https://www.openagrar.de/servlets/MCRFileNodeServlet/openagrar_derivate_00019621/nts-icd.zip:TYPE},
  language = 	{en}
}

@Misc{clef2019test,
  author = 	{Neves, Mariana
		and Butzke, Daniel
		and D{\"o}rendahl, Antje
		and Leich, Nora
		and Grune, Barbara
		and Sch{\"o}nfelder, Gilbert},
  title = 	{Test set of Non-technical Summaries (NTS) of Animal Experiments Indexed with ICD-10 Codes (Version 1.0)},
  year = 	{2019},
  month = 	{5},
  day = 	{06},
  publisher = 	{Open Agrar Repository},
  keywords = 	{animal experiment; non-technical summaries; ICD-10 codes; text mining; document indexing; Deutschland},
  abstract = 	{This is the official test set of the CLEF eHealth 2019, Task 1 - Multilingual Information Extraction (http://clef-ehealth.org/).
It contains 407 non-technical summaries (NTS) of animal experiments planned to be carried out in Germany and originally online available at the AnimalTestInfo database (http://animaltestinfo.de).  Each NTS contains a title, benefits (goals) of the experiments, possible harms caused to the animals, and comments about replacement, reduction and refinement (in the scope of the 3R principles).  All documents are in the German language.
The dataset includes the ICD-10 codes manually assigned by experts to the NTS. However, some NTSs have no ICD-10 codes assigned to them, as the codes were not applicable to the uses described in the NTS. All codes are chapters or groups from the ICD-10 German Modification 2016 version (https://www.dimdi.de/static/de/klassifikationen/icd/icd-10-gm/kode-suche/htmlgm2016/).},
  doi = 	{10.17590/20190506-101759},
  url = 	{https://www.openagrar.de/receive/openagrar_mods_00049062},
  url = 	{https://doi.org/10.17590/20190506-101759},
  file = 	{:https://www.openagrar.de/servlets/MCRFileNodeServlet/openagrar_derivate_00021578/nts_icd.zip:TYPE},
  language = 	{en}
}

@inproceedings{peters2018dissecting,
  title={Dissecting Contextual Word Embeddings: Architecture and Representation},
  author={Peters, Matthew E and Neumann, Mark and Zettlemoyer, Luke and Yih, Wen-tau},
  booktitle={Proceedings of the 2018 Conference on Empirical Methods in Natural Language Processing},
  pages={1499--1509},
  year={2018}
}

@inproceedings{joulin2017bag,
  title={Bag of Tricks for Efficient Text Classification},
  author={Joulin, Armand and Grave, {\'E}douard and Bojanowski, Piotr and Mikolov, Tom{\'a}{\v{s}}},
  booktitle={Proceedings of the 15th Conference of the European Chapter of the Association for Computational Linguistics: Volume 2, Short Papers},
  pages={427--431},
  year={2017}
}

@inproceedings{akhtyamova2020named,
  title={Named entity recognition in Spanish biomedical literature: Short review and BERT model},
  author={Akhtyamova, Liliya},
  booktitle={2020 26th Conference of Open Innovations Association (FRUCT)},
  pages={1--7},
  year={2020},
  organization={IEEE}
}

@inproceedings{rubel2020biobertpt,
  title={BioBERTpt: a Portuguese neural language model for clinical named entity recognition},
  author={Rubel Schneider, Elisa Terumi and Andrioli de Souza, Jo{\~a}o Vitor and Knafou, Julien and Oliveira, Lucas ES and Gumiel, Yohan B and de Oliveira, Lucas FA and Teodoro, Douglas and Paraiso, Emerson Cabrera and Moro, Claudia and others},
  booktitle={Proceedings of the 3rd Clinical Natural Language Processing Workshop},
  year={2020},
  organization={19 November 2020}
}

@inproceedings{copara2020contextualized,
  title={Contextualized French language models for biomedical named entity recognition},
  author={Copara, Jenny and Knafou, Julien and Naderi, Nona and Moro, Claudia and Ruch, Patrick and Teodoro, Douglas},
  booktitle={6e Conf{\'e}rence Conjointe Journ{\'e}es D'{\'e}tudes Sur La Parole (Jep, 33e Edition), Traitement Automatique Des Langues Naturelles (Taln, 27e Edition), Rencontre Des Etudiants Chercheurs En Informatique Pour Le Traitement Automatique Des Langues (R{\'e}cital, 22e Edition). Atelier D{\'e}fi Fouille De Textes},
  pages={36--48},
  year={2020},
  organization={ATALA; AFCP}
}

@article{starlinger2017improve,
  title={How to improve information extraction from German medical records},
  author={Starlinger, Johannes and Kittner, Madeleine and Blankenstein, Oliver and Leser, Ulf},
  journal={It-Information Technology},
  volume={59},
  number={4},
  pages={171--179},
  year={2017},
  publisher={De Gruyter Oldenbourg}
}

@incollection{hellrich2015sharing,
  title={Sharing models and tools for processing German clinical texts},
  author={Hellrich, Johannes and Matthies, Franz and Faessler, Erik and Hahn, Udo},
  booktitle={Digital Healthcare Empowering Europeans},
  pages={734--738},
  year={2015},
  publisher={IOS Press}
}

@inproceedings{lohr2018sharing,
  author = {Christina Lohr, Sven Buechel and Udo Hahn},
  title = {Sharing Copies of Synthetic Clinical Corpora without Physical Distribution — A Case Study to Get Around IPRs and Privacy Constraints Featuring the German JSYNCC Corpus},
  booktitle = {Proceedings of the Eleventh International Conference on Language Resources and Evaluation (LREC 2018)},
  year = {2018},
  month = may,
  publisher = {European Language Resources Association (ELRA)},
  isbn = {979-10-95546-00-9}
  }

@article{liu2021med,
  title={Med-BERT: A pretraining framework for medical records named entity recognition},
  author={Liu, Ning and Hu, Qian and Xu, Huayun and Xu, Xing and Chen, Mengxin},
  journal={IEEE Transactions on Industrial Informatics},
  volume={18},
  number={8},
  pages={5600--5608},
  year={2021},
  publisher={IEEE}
}

@inproceedings{conneau2020unsupervised,
  title={Unsupervised Cross-lingual Representation Learning at Scale},
  author={Conneau, Alexis and Khandelwal, Kartikay and Goyal, Naman and Chaudhary, Vishrav and Wenzek, Guillaume and Guzm{\'a}n, Francisco and Grave, {\'E}douard and Ott, Myle and Zettlemoyer, Luke and Stoyanov, Veselin},
  booktitle={Proceedings of the 58th Annual Meeting of the Association for Computational Linguistics},
  pages={8440--8451},
  year={2020}
}

@inproceedings{suarez2019asynchronous,
  title={Asynchronous pipeline for processing huge corpora on medium to low resource infrastructures},
  author={Su{\'a}rez, Pedro Javier Ortiz and Sagot, Beno{\^\i}t and Romary, Laurent},
  booktitle={7th Workshop on the Challenges in the Management of Large Corpora (CMLC-7)},
  year={2019},
  organization={Leibniz-Institut f{\"u}r Deutsche Sprache}
}

@article{de2019bertje,
  title={BERTje: A Dutch BERT model},
  author={De Vries, Wietse and van Cranenburgh, Andreas and Bisazza, Arianna and Caselli, Tommaso and van Noord, Gertjan and Nissim, Malvina},
  journal={arXiv preprint arXiv:1912.09582},
  year={2019}
}

@inproceedings{sanger2019classifying,
  title={Classifying German Animal Experiment Summaries with Multi-lingual BERT at CLEF eHealth 2019 Task 1.},
  author={S{\"a}nger, Mario and Weber, Leon and Kittner, Madeleine and Leser, Ulf},
  year={2019}
}

@book{world1992icd,
  title={The ICD-10 classification of mental and behavioural disorders: clinical descriptions and diagnostic guidelines},
  author={World Health Organization},
  volume={1},
  year={1992},
  publisher={World Health Organization}
}

@article{bengio2003neural,
  title={A neural probabilistic language model},
  author={Bengio, Yoshua and Ducharme, R{\'e}jean and Vincent, Pascal and Jauvin, Christian},
  journal={Journal of machine learning research},
  volume={3},
  number={Feb},
  pages={1137--1155},
  year={2003}
}

@misc{cardiode,
    author = {Christoph Dieterich},
    publisher = {heiDATA},
    title = {{CARDIO:DE}},
    year = {2022},
    version = {V5},
    doi = {10.11588/data/AFYQDY},
    url = {https://doi.org/10.11588/data/AFYQDY}
}

@article{fries2022bigbio,
  title={BigBIO: A framework for data-centric biomedical natural language processing},
  author={Fries, Jason and Weber, Leon and Seelam, Natasha and Altay, Gabriel and Datta, Debajyoti and Garda, Samuele and Kang, Sunny and Su, Rosaline and Kusa, Wojciech and Cahyawijaya, Samuel and others},
  journal={Advances in Neural Information Processing Systems},
  volume={35},
  pages={25792--25806},
  year={2022}
}

@incollection{ramshaw1999text,
  title={Text chunking using transformation-based learning},
  author={Ramshaw, Lance A and Marcus, Mitchell P},
  booktitle={Natural language processing using very large corpora},
  pages={157--176},
  year={1999},
  publisher={Springer}
}

@article{sokolova2009systematic,
  title={A systematic analysis of performance measures for classification tasks},
  author={Sokolova, Marina and Lapalme, Guy},
  journal={Information processing \& management},
  volume={45},
  number={4},
  pages={427--437},
  year={2009},
  publisher={Elsevier}
}

@article{takahashi2022confidence,
  title={Confidence interval for micro-averaged F 1 and macro-averaged F 1 scores},
  author={Takahashi, Kanae and Yamamoto, Kouji and Kuchiba, Aya and Koyama, Tatsuki},
  journal={Applied Intelligence},
  volume={52},
  number={5},
  pages={4961--4972},
  year={2022},
  publisher={Springer}
}

@online{animaltestinfo,
  title = {AnimalTestInfo},
  url = {https://animaltestinfo.de/},
  urldate = {2025-04-28},
  langid = {german},
}

@book{graubner2013icd,
  title={ICD-10-GM 2014 Systematisches Verzeichnis: Internationale statistische Klassifikation der Krankheiten und verwandter Gesundheitsprobleme 11. Revision-German Modification Version 2014},
  author={Graubner, Bernd},
  year={2013},
  publisher={Deutscher {\"A}rzteverlag}
}

@inproceedings{harbecke2022only,
  title={Why only Micro-F1? Class Weighting of Measures for Relation Classification},
  author={Harbecke, David and Chen, Yuxuan and Hennig, Leonhard and Alt, Christoph},
  booktitle={Proceedings of NLP Power! The First Workshop on Efficient Benchmarking in NLP},
  pages={32--41},
  year={2022}
}

@inproceedings{tjong2003introduction,
  title={Introduction to the CoNLL-2003 shared task: language-independent named entity recognition},
  author={Tjong Kim Sang, Erik F and De Meulder, Fien},
  booktitle={Proceedings of the seventh conference on Natural language learning at HLT-NAACL 2003-Volume 4},
  pages={142--147},
  year={2003}
}

@inproceedings{godbole2004discriminative,
  title={Discriminative methods for multi-labeled classification},
  author={Godbole, Shantanu and Sarawagi, Sunita},
  booktitle={Pacific-Asia conference on knowledge discovery and data mining},
  pages={22--30},
  year={2004},
  organization={Springer}
}

@online{nni,
	title={Neural Network Intelligence},
  author={Microsoft},
	url={https://github.com/microsoft/nni/},
	urldate={2025-05-01},
}

@inproceedings{dada2023impact,
  title={On the Impact of Cross-Domain Data on German Language Models},
  author={Dada, Amin and Chen, Aokun and Peng, Cheng and Smith, Kaleb E and Idrissi-Yaghir, Ahmad and Seibold, Constantin Marc and Li, Jianning and Heiliger, Lars and Friedrich, Christoph M and Truhn, Daniel and others},
  booktitle={The 2023 Conference on Empirical Methods in Natural Language Processing},
  year={2023}
}

@misc{seqeval,
  title={{seqeval}: A Python framework for sequence labeling evaluation},
  url={https://github.com/chakki-works/seqeval},
  note={Software available from https://github.com/chakki-works/seqeval},
  author={Hiroki Nakayama},
  year={2018},
}

 @article{pedregosa2011scikit,
  title={Scikit-learn: Machine learning in Python},
  author={Pedregosa, Fabian and Varoquaux, Ga{\"e}l and Gramfort, Alexandre and Michel, Vincent and Thirion, Bertrand and Grisel, Olivier and Blondel, Mathieu and Prettenhofer, Peter and Weiss, Ron and Dubourg, Vincent and others},
  journal={Journal of machine learning research},
  volume={12},
  number={Oct},
  pages={2825--2830},
  year={2011}
} 

@inproceedings{he2021deberta,
title={DeBERTa: Decoding-enhanced BERT with Disentangled Attention},
author={Pengcheng He and Xiaodong Liu and Jianfeng Gao and Weizhu Chen},
booktitle={International Conference on Learning Representations},
year={2021}
}

@article{nguyen2023culturax,
  title={Culturax: A cleaned, enormous, and multilingual dataset for large language models in 167 languages},
  author={Nguyen, Thuat and Van Nguyen, Chien and Lai, Viet Dac and Man, Hieu and Ngo, Nghia Trung and Dernoncourt, Franck and Rossi, Ryan A and Nguyen, Thien Huu},
  journal={arXiv preprint arXiv:2309.09400},
  year={2023}
}

@inproceedings{ostendorff2020towards,
  title={Towards an open platform for legal information},
  author={Ostendorff, Malte and Blume, Till and Ostendorff, Saskia},
  booktitle={Proceedings of the ACM/IEEE Joint Conference on Digital Libraries in 2020},
  pages={385--388},
  year={2020}
}

@inproceedings{tiedemann2012parallel,
  title={Parallel Data, Tools and Interfaces in OPUS},
  author={Tiedemann, J{\"o}rg},
  booktitle={Proceedings of the Eighth International Conference on Language Resources and Evaluation (LREC'12)},
  pages={2214--2218},
  year={2012}
}

@article{beltagy2020longformer,
  title={Longformer: The long-document transformer},
  author={Beltagy, Iz and Peters, Matthew E and Cohan, Arman},
  journal={arXiv preprint arXiv:2004.05150},
  year={2020}
}

@inproceedings{xiong2021nystromformer,
  title={Nystr{\"o}mformer: A nystr{\"o}m-based algorithm for approximating self-attention},
  author={Xiong, Yunyang and Zeng, Zhanpeng and Chakraborty, Rudrasis and Tan, Mingxing and Fung, Glenn and Li, Yin and Singh, Vikas},
  booktitle={Proceedings of the AAAI conference on artificial intelligence},
  volume={35},
  number={16},
  pages={14138--14148},
  year={2021}
}

@article{warner2024smarter,
  title={Smarter, better, faster, longer: A modern bidirectional encoder for fast, memory efficient, and long context finetuning and inference},
  author={Warner, Benjamin and Chaffin, Antoine and Clavi{\'e}, Benjamin and Weller, Orion and Hallstr{\"o}m, Oskar and Taghadouini, Said and Gallagher, Alexis and Biswas, Raja and Ladhak, Faisal and Aarsen, Tom and others},
  journal={arXiv preprint arXiv:2412.13663},
  year={2024}
}

@inproceedings{gururangan2020don,
  title={Don’t Stop Pretraining: Adapt Language Models to Domains and Tasks},
  author={Gururangan, Suchin and Marasovi{\'c}, Ana and Swayamdipta, Swabha and Lo, Kyle and Beltagy, Iz and Downey, Doug and Smith, Noah A},
  booktitle={Proceedings of the 58th Annual Meeting of the Association for Computational Linguistics},
  pages={8342--8360},
  year={2020}
}
@inproceedings{el2022re,
  title={Re-train or Train from Scratch? Comparing Pre-training Strategies of BERT in the Medical Domain},
  author={El Boukkouri, Hicham and Ferret, Olivier and Lavergne, Thomas and Zweigenbaum, Pierre},
  booktitle={Proceedings of the Thirteenth Language Resources and Evaluation Conference},
  pages={2626--2633},
  year={2022}
}

@incollection{meineke2023announcement,
  title={Announcement of the German medical text corpus project (GeMTeX)},
  author={Meineke, Frank and Modersohn, Luise and Loeffler, Markus and Boeker, Martin},
  booktitle={Caring is Sharing--Exploiting the Value in Data for Health and Innovation},
  pages={835--836},
  year={2023},
  publisher={IOS Press}
}

@article{tayefi2021challenges,
  title={Challenges and opportunities beyond structured data in analysis of electronic health records},
  author={Tayefi, Maryam and Ngo, Phuong and Chomutare, Taridzo and Dalianis, Hercules and Salvi, Elisa and Budrionis, Andrius and Godtliebsen, Fred},
  journal={Wiley Interdisciplinary Reviews: Computational Statistics},
  volume={13},
  number={6},
  pages={e1549},
  year={2021},
  publisher={Wiley Online Library}
}

@article{rumelhart1986learning,
  title={Learning representations by back-propagating errors},
  author={Rumelhart, David E and Hinton, Geoffrey E and Williams, Ronald J},
  journal={nature},
  volume={323},
  number={6088},
  pages={533--536},
  year={1986},
  publisher={Nature Publishing Group UK London}
}
